<record><leader>00000cas a22000007a 4500</leader><controlfield tag="001">21438177</controlfield><controlfield tag="008">900427d19091911mouwr ne      0    0eng d</controlfield><datafield ind1=" " ind2=" " tag="010"><subfield code="a">sn 90061615 </subfield></datafield><datafield ind1=" " ind2=" " tag="040"><subfield code="a">MQN</subfield><subfield code="b">eng</subfield><subfield code="c">MQN</subfield><subfield code="d">OCLCQ</subfield></datafield><datafield ind1=" " ind2=" " tag="042"><subfield code="a">msc</subfield></datafield><datafield ind1="0" ind2=" " tag="130"><subfield code="a">Salem news (Salem, Mo. : 1909)</subfield></datafield><datafield ind1="1" ind2="4" tag="245"><subfield code="a">The Salem news.</subfield></datafield><datafield ind1=" " ind2=" " tag="260"><subfield code="a">Salem, Mo. :</subfield><subfield code="b">O.H. Grosse</subfield></datafield><datafield ind1=" " ind2=" " tag="300"><subfield code="a">v.</subfield></datafield><datafield ind1=" " ind2=" " tag="310"><subfield code="a">Weekly</subfield></datafield><datafield ind1="1" ind2=" " tag="362"><subfield code="a">Began in 1909? Ceased in July 1911.</subfield></datafield><datafield ind1=" " ind2=" " tag="588"><subfield code="a">Description based on: Vol. 1, no. 25 (Aug. 12, 1909).</subfield></datafield><datafield ind1=" " ind2=" " tag="752"><subfield code="a">United States</subfield><subfield code="b">Missouri</subfield><subfield code="c">Dent</subfield><subfield code="d">Salem.</subfield></datafield><datafield ind1="0" ind2="4" tag="785"><subfield code="t">Republican (Salem, Mo.)</subfield><subfield code="w">(DLC)sn 90061614</subfield></datafield></record>